<record xmlns="http://www.loc.gov/MARC21/slim" xmlns:xsi="http://www.w3.org/2001/XMLSchema-instance" xsi:schemaLocation="http://www.loc.gov/MARC21/slim http://www.loc.gov/standards/marcxml/schema/MARC21slim.xsd"><leader>01693nam a2200349   4500</leader><controlfield tag="001">001680745</controlfield><controlfield tag="003">NNU</controlfield><controlfield tag="006">m        d        </controlfield><controlfield tag="007">cr cn |||m|||a</controlfield><controlfield tag="008">150222s1930    le      o     000 0 ara</controlfield><datafield ind1=" " ind2=" " tag="040"><subfield code="a">NNU</subfield><subfield code="b">eng</subfield><subfield code="c">NNU</subfield></datafield><datafield ind1=" " ind2="4" tag="050"><subfield code="a">PJ6066</subfield><subfield code="b">.D8 1930</subfield></datafield><datafield ind1="1" ind2=" " tag="100"><subfield code="6">880-01</subfield><subfield code="a">D&#803;u&#772;mit&#803;, Jabr.</subfield></datafield><datafield ind1="1" ind2="0" tag="240"><subfield code="6">880-02</subfield><subfield code="a">Khawa&#772;t&#803;ir al-h&#803;isa&#772;n fi&#772; al-ma&#699;a&#772;ni&#772; wa-al-baya&#772;n</subfield></datafield><datafield ind1="1" ind2="0" tag="245"><subfield code="6">880-03</subfield><subfield code="a">Kita&#772;b al-khawa&#772;t&#803;ir al-h&#803;isa&#772;n fi&#772; al-ma&#699;a&#772;ni&#772; wa-al-baya&#772;n</subfield><subfield code="h">[electronic resource] /</subfield><subfield code="c">ta&#700;li&#772;f Jabr D&#803;u&#772;mit&#803;.</subfield></datafield><datafield ind1=" " ind2=" " tag="250"><subfield code="6">880-04</subfield><subfield code="a">al-T&#803;ab&#699;ah 2.</subfield></datafield><datafield ind1=" " ind2=" " tag="260"><subfield code="6">880-05</subfield><subfield code="a">Bayru&#772;t :</subfield><subfield code="b">Mat&#803;ba&#699;at al-Wafa&#772;&#700;,</subfield><subfield code="c">1930.</subfield></datafield><datafield ind1=" " ind2=" " tag="300"><subfield code="a">online resource (224 p.) :</subfield><subfield code="b">port.</subfield></datafield><datafield ind1=" " ind2=" " tag="500"><subfield code="a">Part of the Arabic Collections Online (ACO) project, contributed by New York Univeristy Libraries.</subfield></datafield><datafield ind1=" " ind2=" " tag="533"><subfield code="a">Electronic reproduction.</subfield><subfield code="b">New York, N.Y. :</subfield><subfield code="c">New York University,</subfield><subfield code="d">2015.</subfield><subfield code="5">NNU</subfield></datafield><datafield ind1=" " ind2="0" tag="650"><subfield code="a">Arabic language</subfield><subfield code="x">Rhetoric.</subfield></datafield><datafield ind1="2" ind2=" " tag="710"><subfield code="a">New York University.</subfield><subfield code="b">Libraries.</subfield></datafield><datafield ind1="0" ind2=" " tag="730"><subfield code="a">Arabic Collections Online.</subfield></datafield><datafield ind1="0" ind2="8" tag="776"><subfield code="i">Print version:</subfield><subfield code="a">D&#803;u&#772;mit&#803;, Jabr.</subfield><subfield code="t">Kita&#772;b al-khawa&#772;t&#803;ir al-h&#803;isa&#772;n fi&#772; al-ma&#699;a&#772;ni&#772; wa-al-baya&#772;n</subfield><subfield code="w">(NNU)001680745</subfield><subfield code="w">(DLC)76282424</subfield></datafield><datafield ind1="4" ind2="0" tag="856"><subfield code="u">http://hdl.handle.net/2333.1/0p2nggrt</subfield></datafield><datafield ind1="1" ind2=" " tag="880"><subfield code="6">100-01/</subfield><subfield code="a">&#1590;&#1608;&#1605;&#1591;&#1548; &#1580;&#1576;&#1585;.</subfield></datafield><datafield ind1="1" ind2="0" tag="880"><subfield code="6">240-02/</subfield><subfield code="a">&#1582;&#1608;&#1575;&#1591;&#1585; &#1575;&#1604;&#1581;&#1587;&#1575;&#1606; &#1601;&#1610; &#1575;&#1604;&#1605;&#1593;&#1575;&#1606;&#1610; &#1608;&#1575;&#1604;&#1576;&#1610;&#1575;&#1606;</subfield></datafield><datafield ind1="1" ind2="0" tag="880"><subfield code="6">245-03/</subfield><subfield code="a">&#1603;&#1578;&#1575;&#1576; &#1575;&#1604;&#1582;&#1608;&#1575;&#1591;&#1585; &#1575;&#1604;&#1581;&#1587;&#1575;&#1606; &#1601;&#1610; &#1575;&#1604;&#1605;&#1593;&#1575;&#1606;&#1610; &#1608;&#1575;&#1604;&#1576;&#1610;&#1575;&#1606; /</subfield><subfield code="c">&#1578;&#1571;&#1604;&#1610;&#1601; &#1580;&#1576;&#1585; &#1590;&#1608;&#1605;&#1591;.</subfield></datafield><datafield ind1=" " ind2=" " tag="880"><subfield code="6">250-04/</subfield><subfield code="a">&#1575;&#1604;&#1591;&#1576;&#1593;&#1577; 2.</subfield></datafield><datafield ind1=" " ind2=" " tag="880"><subfield code="6">260-05/</subfield><subfield code="a">&#1576;&#1610;&#1585;&#1608;&#1578; :</subfield><subfield code="b">&#1605;&#1591;&#1576;&#1593;&#1577; &#1575;&#1604;&#1608;&#1601;&#1575;&#1569;&#1548;</subfield><subfield code="c">1930.</subfield></datafield><datafield ind1=" " ind2=" " tag="959"><subfield code="a">NNU</subfield><subfield code="b">WEB</subfield><subfield code="c">GENI</subfield><subfield code="t">0</subfield><subfield code="m">Electronic access</subfield><subfield code="s">01</subfield></datafield><datafield ind1=" " ind2=" " tag="999"><subfield code="i">NNU_001680745</subfield><subfield code="s">nyu_aco000213</subfield></datafield></record>